% !TEX root = semexp-thesis.tex

@misc{bai2022training,
	title	= {Training a Helpful and Harmless Assistant with Reinforcement Learning from Human Feedback},
	author	= {Yuntao Bai and Andy Jones and Kamal Ndousse and Amanda Askell and Anna Chen and Nova DasSarma and Dawn Drain and Stanislav Fort and Deep Ganguli and Tom He\-ni\-ghan and Nicholas Joseph and Saurav Kadavath and Jackson Kernion and Tom Conerly and Sheer El-Showk and Nelson Elhage and Zac Hatfield-Dodds and Danny Hernandez and Tristan Hume and Scott Johnston and Shauna Kravec and Liane Lovitt and Neel Nanda and Catherine Olsson and Dario Amodei and Tom Brown and Jack Clark and Sam McCandlish and Chris Olah and Ben Mann and Jared Kaplan},
	year	= {2022},
	eprint	= {2204.05862},
	archivePrefix	= {arXiv},
	primaryClass	= {cs.CL}
}
@misc{brown2020language,
	title	= {Language Models are Few-Shot Learners},
	author	= {Tom B. Brown and Benjamin Mann and Nick Ryder and Melanie Subbiah and Jared Kaplan and Prafulla Dhariwal and Arvind Neelakantan and Pranav Shyam and Girish Sastry and Amanda Askell and Sandhini Agarwal and Ariel Herbert-Voss and Gret\-chen Krueger and Tom Henighan and Rewon Child and Aditya Ramesh and Daniel M. Ziegler and Jeffrey Wu and Clemens Winter and Christopher Hesse and Mark Chen and Eric Sigler and Mateusz Litwin and Scott Gray and Benjamin Chess and Jack Clark and Christopher Berner and Sam McCandlish and Alec Radford and Ilya Sutskever and Dario Amodei},
	year	= {2020},
	eprint	= {2005.14165},
	archivePrefix	= {arXiv},
	primaryClass	= {cs.CL}
}
@misc{bubeck2023sparks,
	title	= {Sparks of Artificial General Intelligence: Early Experiments with \gptfour},
	author	= {Sébastien Bubeck and Varun Chandrasekaran and Ronen Eldan and Johannes Gehrke and Eric Horvitz and Ece Kamar and Peter Lee and Yin Tat Lee and Yuanzhi Li and Scott Lundberg and Harsha Nori and Hamid Palangi and Marco Tulio Ribeiro and Yi Zhang},
	year	= {2023},
	eprint	= {2303.12712},
	archivePrefix	= {arXiv},
	primaryClass	= {cs.CL}
}
@INPROCEEDINGS{chefer2021generic,
	author	= {Chefer, Hila and Gur, Shir and Wolf, Lior},
	booktitle	= {Proceedings of the IEEE/CVF International Conference on Computer Vision},
	series	= {ICCV '21},
	title	= {Generic Attention-Model Explainability for Interpreting Bi-Modal and Encoder-Decoder Transformers},
	year	= {2021},
	pages	= {387-396},
	doi	= {10.1109/ICCV48922.2021.00045},
	month	= {10},
}
@misc{chen2021evaluating,
	title	= {Evaluating Large Language Models Trained on Code},
	author	= {Mark Chen and Jerry Tworek and Heewoo Jun and Qiming Yuan and Henrique Ponde de Oliveira Pinto and Jared Kaplan and Harri Edwards and Yuri Burda and Nicholas Joseph and Greg Brockman and Alex Ray and Raul Puri and Gretchen Krueger and Michael Petrov and Heidy Khlaaf and Girish Sastry and Pamela Mishkin and Brooke Chan and Scott Gray and Nick Ryder and Mikhail Pavlov and Alethea Power and Lukasz Kaiser and Mohammad Bavarian and Clemens Winter and Philippe Tillet and Felipe Petroski Such and Dave Cummings and Matthias Plappert and Fotios Chantzis and Elizabeth Barnes and Ariel Herbert-Voss and William Hebgen Guss and Alex Nichol and Alex Paino and Nikolas Tezak and Jie Tang and Igor Babuschkin and Suchir Balaji and Shantanu Jain and William Saunders and Christopher Hesse and Andrew N. Carr and Jan Leike and Josh Achiam and Vedant Misra and Evan Morikawa and Alec Radford and Matthew Knight and Miles Brundage and Mira Murati and Katie Mayer and Peter Welinder and Bob McGrew and Dario Amodei and Sam McCandlish and Ilya Sutskever and Wojciech Zaremba},
	year	= {2021},
	eprint	= {2107.03374},
	archivePrefix	= {arXiv},
	primaryClass	= {cs.LG}
}
@inproceedings{devlin2019bert,
	title	= {{BERT}: Pre-Training of Deep Bidirectional Transformers for Language Understanding},
	author	= {Devlin, Jacob and Chang, Ming-Wei and Lee, Kenton and Toutanova, Kristina},
	editor	= {Burstein, Jill and Doran, Christy and Solorio, Thamar},
	booktitle	= {Proceedings of the 2019 Conference of the North {A}merican Chapter of the Association for Computational Linguistics: Human Language Technologies},
	volume	= {1},
	month	= {6},
	year	= {2019},
	address	= {Minneapolis, Minnesota},
	publisher	= {Association for Computational Linguistics},
	doi	= {10.18653/v1/N19-1423},
	pages	= {4171--4186}
}
@misc{dosovitskiy2021image,
	title	= {An Image is Worth 16x16 Words: Transformers for Image Recognition at Scale},
	author	= {A\-le\-xey Do\-so\-vit\-skiy and Lu\-cas Bey\-er and A\-le\-xan\-der Ko\-les\-ni\-kov and Dirk Weis\-sen\-born and Xiao\-hua Zhai and Tho\-mas Un\-ter\-thi\-ner and Mos\-ta\-fa Deh\-gha\-ni and Mat\-thi\-as Min\-de\-rer and Georg Hei\-gold and Syl\-vain Gel\-ly and Ja\-kob Usk\-o\-reit and Neil Houls\-by},
	year	= {2021},
	eprint	= {2010.11929},
	archivePrefix	= {arXiv},
	primaryClass	= {cs.CV},
}
@inproceedings{gao2022precise,
	title	= {Precise Zero-Shot Dense Retrieval without Relevance Labels},
	author	= {Luyu Gao and Xueguang Ma and Jimmy Lin and Jamie Callan},
	year	= {2022},
	editor	= {Rogers, Anna and Boyd-Graber, Jordan and Okazaki, Naoaki},
	booktitle	= {Proceedings of the 61st Annual Meeting of the Association for Computational Linguistics},
	volume	= {1: Long Papers},
	month	= {7},
	year	= {2023},
	address	= {Toronto, Canada},
	publisher	= {Association for Computational Linguistics},
	doi	= {10.18653/v1/2023.acl-long.99},
	pages	= {1762--1777},
}
@misc{gong2021ast,
	title	= {{AST}: Audio Spectrogram Transformer},
	author	= {Yuan Gong and Yu-An Chung and James Glass},
	year	= {2021},
	eprint	= {2104.01778},
	archivePrefix	= {arXiv},
	primaryClass	= {cs.SD},
}
@inproceedings{hao2023toolkengpt,
	author	= {Hao, Shibo and Liu, Tianyang and Wang, Zhen and Hu, Zhiting},
	booktitle	= {Advances in Neural Information Processing Systems},
	editor	= {Alice Oh and Tristian Neumann and Amir Globerson and Kate Saenko and Moritz Hardt and Sergey Levine},
	pages	= {45870--45894},
	publisher	= {Curran Associates},
	title	= {{ToolkenGPT}: Augmenting Frozen Language Models with Massive Tools via Tool Embeddings},
	urlDISABLED	= {https://proceedings.neurips.cc/paper_files/paper/2023/file/8fd1a81c882cd45f64958da6284f4a3f-Paper-Conference.pdf},
	eprint	= {2305.11554},
	archivePrefix	= {arXiv},
	primaryClass	= {cs.CL},
	volume	= {36},
	year	= {2023}
}
@article{hayes1985blackboard,
	title	= {A Blackboard Architecture for Control},
	journal	= {Artificial Intelligence},
	volume	= {26},
	number	= {3},
	pages	= {251-321},
	year	= {1985},
	issn	= {0004-3702},
	doi	= {10.1016/0004-3702(85)90063-3},
	author	= {Barbara Hayes-Roth},
}
@inproceedings{holtzman2020curious,
	title	= {The Curious Case of Neural Text Degeneration},
	author	= {Ari Holtzman and Jan Buys and Li Du and Maxwell Forbes and Yejin Choi},
	booktitle	= {8th International Conference on Learning Representations},
	series	= {ICLR '20},
	year	= {2020},
	eprint	= {1904.09751},
	archivePrefix	= {arXiv},
	primaryClass	= {cs.CL}
}
@misc{hong2023metagpt,
	title	= {{MetaGPT}: Meta Programming for a Multi-Agent Collaborative Framework},
	author	= {Sirui Hong and Mingchen Zhuge and Jonathan Chen and Xiawu Zheng and Yuheng Cheng and Ceyao Zhang and Jinlin Wang and Zili Wang and Steven Ka Shing Yau and Zijuan Lin and Liyang Zhou and Chenyu Ran and Lingfeng Xiao and Chenglin Wu and Jürgen Schmidhuber},
	year	= {2023},
	eprint	= {2308.00352},
	archivePrefix	= {arXiv},
	primaryClass	= {cs.AI}
}
@misc{husain2020codesearchnet,
	title	= {{CodeSearchNet} Challenge: Evaluating the State of Semantic Code Search},
	author	= {Hamel Husain and Ho-Hsiang Wu and Tiferet Gazit and Miltiadis Allamanis and Marc Brockschmidt},
	year	= {2020},
	eprint	= {1909.09436},
	archivePrefix	= {arXiv},
	primaryClass	= {cs.LG}
}
@inproceedings{kojima2022large,
	author	= {Kojima, Takeshi and Gu, Shixiang (Shane) and Reid, Machel and Matsuo, Yutaka and Iwasawa, Yusuke},
	booktitle	= {Advances in Neural Information Processing Systems},
	editor	= {Sanmi Koyejo and Shakir Mohamed and Alekh Agarwal and Danielle Belgrave and Kyunghyun Cho and Alice Oh},
	pages	= {22199--22213},
	publisher	= {Curran Associates},
	title	= {Large Language Models Are Zero-Shot Reasoners},
	urlDISABLED	= {https://proceedings.neurips.cc/paper_files/paper/2022/file/8bb0d291acd4acf06ef112099c16f326-Paper-Conference.pdf},
	volume	= {35},
	year	= {2022},
	eprint	= {2205.11916},
	archivePrefix	= {arXiv},
	primaryClass	= {cs.CL}
}
@misc{kusupati2024matryoshka,
	title	= {Matryoshka Representation Learning},
	author	= {Aditya Kusupati and Gantavya Bhatt and Aniket Rege and Matthew Wallingford and Aditya Sinha and Vivek Ramanujan and William Howard-Snyder and Kaifeng Chen and Sham Kakade and Prateek Jain and Ali Farhadi},
	year	= {2024},
	eprint	= {2205.13147},
	archivePrefix	= {arXiv},
	primaryClass	= {cs.LG},
}
@inproceedings{lewis2020retrieval,
	author	= {Lewis, Patrick and Perez, Ethan and Piktus, Aleksandra and Petroni, Fabio and Karpukhin, Vladimir and Goyal, Naman and K\"{u}ttler, Heinrich and Lewis, Mike and Yih, Wen-tau and Rockt\"{a}schel, Tim and Riedel, Sebastian and Kiela, Douwe},
	booktitle	= {Advances in Neural Information Processing Systems},
	editor	= {Hugo Larochelle and Marc'Aurelio Ranzato and Raia Hadsell and Maria-Florina Balcan and Hsuan-Tien Lin},
	pages	= {9459--9474},
	publisher	= {Curran Associates},
	title	= {Re\-trie\-val-Au\-men\-ted Generation for Knowledge-Intensive NLP Tasks},
	volume	= {33},
	year	= {2020},
	isbn	= {978-1-7138-2954-6},
	address	= {Red Hook, NY, USA},
	articleno	= {793},
	numpages	= {16},
	location	= {Vancouver, Canada},
	series	= {NIPS '20},
	eprint	= {2005.11401},
	archivePrefix	= {arXiv},
	primaryClass	= {cs.CL},
}
@misc{li2023making,
	title	= {Making AI Less ``Thirsty'': Uncovering and Addressing the Secret Water Footprint of AI Models},
	author	= {Pengfei Li and Jianyi Yang and Mohammad A. Islam and Shaolei Ren},
	year	= {2023},
	eprint	= {2304.03271},
	archivePrefix	= {arXiv},
	primaryClass	= {cs.LG}
}
@inproceedings{magister2023teaching,
	title	= {Teaching Small Language Models to Reason},
	author	= {Magister, Lucie Charlotte and Mallinson, Jonathan and Adamek, Jakub and Malmi, Eric and Severyn, Aliaksei},
	editor	= {Rogers, Anna and Boyd-Graber, Jordan and Okazaki, Naoaki},
	booktitle	= {Proceedings of the 61st Annual Meeting of the Association for Computational Linguistics},
	volume	= {2: Short Papers},
	month	= {7},
	year	= {2023},
	address	= {Toronto, Canada},
	publisher	= {Association for Computational Linguistics},
	doi	= {10.18653/v1/2023.acl-short.151},
	pages	= {1773--1781}
}
@inproceedings{mao2021generation,
	title	= {Generation-Augmented Retrieval for Open-Domain Question Answering},
	author	= {Mao, Yuning and He, Pengcheng and Liu, Xiaodong and Shen, Yelong and Gao, Jianfeng and Han, Jiawei and Chen, Weizhu},
	editor	= {Zong, Chengqing and Xia, Fei and Li, Wenjie and Navigli, Roberto},
	booktitle	= {Proceedings of the 59th Annual Meeting of the Association for Computational Linguistics and the 11th International Joint Conference on Natural Language Processing},
	volume	= {1: Long Papers},
	month	= {8},
	year	= {2021},
	address	= {Online},
	publisher	= {Association for Computational Linguistics},
	doi	= {10.18653/v1/2021.acl-long.316},
	pages	= {4089--4100}
}
@misc{mialon2023augmented,
	title	= {Augmented Language Models: A Survey},
	author	= {Grégoire Mialon and Roberto Dessì and Maria Lomeli and Christoforos Nalmpantis and Ram Pasunuru and Roberta Raileanu and Baptiste Rozière and Timo Schick and Jane Dwivedi-Yu and Asli Celikyilmaz and Edouard Grave and Yann LeCun and Thomas Scialom},
	year	= {2023},
	eprint	= {2302.07842},
	archivePrefix	= {arXiv},
	primaryClass	= {cs.CL}
}
@inproceedings{mikolov2013efficient,
	author	= {Tom{\'{a}}s Mikolov and Kai Chen and Greg Corrado and Jeffrey Dean},
	editor	= {Yoshua Bengio and Yann LeCun},
	title	= {Efficient Estimation of Word Representations in Vector Space},
	booktitle	= {1st International Conference on Learning Representations ({ICLR} 2013), Workshop Track Proceedings},
	year	= {2013},
	location	= {Scottsdale, Arizona, USA},
	month	= {5},
	days	= {2--4},
	eprint	= {1301.3781},
	archivePrefix	= {arXiv},
	primaryClass	= {cs.CL},
	numpages	= {12}
}
@misc{openai2024gpt4,
	title	= {\gptfour Technical Report},
	author	= {OpenAI and Josh Achiam and Steven Adler and Sandhini Agarwal and Lama Ahmad and Ilge Akkaya and Florencia Leoni Aleman and Diogo Almeida and Janko Altenschmidt and Sam Altman and Shyamal Anadkat and Red Avila and Igor Babuschkin and Suchir Balaji and Valerie Balcom and Paul Baltescu and Haiming Bao and Mohammad Bavarian and Jeff Belgum and Irwan Bello and Jake Berdine and Gabriel Bernadett-Shapiro and Christopher Berner and Lenny Bogdonoff and Oleg Boiko and Madelaine Boyd and Anna-Luisa Brakman and Greg Brockman and Tim Brooks and Miles Brundage and Kevin Button and Trevor Cai and Rosie Campbell and Andrew Cann and Brittany Carey and Chelsea Carlson and Rory Carmichael and Brooke Chan and Che Chang and Fotis Chantzis and Derek Chen and Sully Chen and Ruby Chen and Jason Chen and Mark Chen and Ben Chess and Chester Cho and Casey Chu and Hyung Won Chung and Dave Cummings and Jeremiah Currier and Yunxing Dai and Cory Decareaux and Thomas Degry and Noah Deutsch and Damien Deville and Arka Dhar and David Dohan and Steve Dowling and Sheila Dunning and Adrien Ecoffet and Atty Eleti and Tyna Eloundou and David Farhi and Liam Fedus and Niko Felix and Simón Posada Fishman and Juston Forte and Isabella Fulford and Leo Gao and Elie Georges and Christian Gibson and Vik Goel and Tarun Gogineni and Gabriel Goh and Rapha Gontijo-Lopes and Jonathan Gordon and Morgan Grafstein and Scott Gray and Ryan Greene and Joshua Gross and Shixiang Shane Gu and Yufei Guo and Chris Hallacy and Jesse Han and Jeff Harris and Yuchen He and Mike Heaton and Johannes Heidecke and Chris Hesse and Alan Hickey and Wade Hickey and Peter Hoeschele and Brandon Houghton and Kenny Hsu and Shengli Hu and Xin Hu and Joost Huizinga and Shantanu Jain and Shawn Jain and Joanne Jang and Angela Jiang and Roger Jiang and Haozhun Jin and Denny Jin and Shino Jomoto and Billie Jonn and Heewoo Jun and Tomer Kaftan and Łukasz Kaiser and Ali Kamali and Ingmar Kanitscheider and Nitish Shirish Keskar and Tabarak Khan and Logan Kilpatrick and Jong Wook Kim and Christina Kim and Yongjik Kim and Jan Hendrik Kirchner and Jamie Kiros and Matt Knight and Daniel Kokotajlo and Łukasz Kondraciuk and Andrew Kondrich and Aris Konstantinidis and Kyle Kosic and Gretchen Krueger and Vishal Kuo and Michael Lampe and Ikai Lan and Teddy Lee and Jan Leike and Jade Leung and Daniel Levy and Chak Ming Li and Rachel Lim and Molly Lin and Stephanie Lin and Mateusz Litwin and Theresa Lopez and Ryan Lowe and Patricia Lue and Anna Makanju and Kim Malfacini and Sam Manning and Todor Markov and Yaniv Markovski and Bianca Martin and Katie Mayer and Andrew Mayne and Bob McGrew and Scott Mayer McKinney and Christine McLeavey and Paul McMillan and Jake McNeil and David Medina and Aalok Mehta and Jacob Menick and Luke Metz and Andrey Mishchenko and Pamela Mishkin and Vinnie Monaco and Evan Morikawa and Daniel Mossing and Tong Mu and Mira Murati and Oleg Murk and David Mély and Ashvin Nair and Reiichiro Nakano and Rajeev Nayak and Arvind Neelakantan and Richard Ngo and Hyeonwoo Noh and Long Ouyang and Cullen O'Keefe and Jakub Pachocki and Alex Paino and Joe Palermo and Ashley Pantuliano and Giambattista Parascandolo and Joel Parish and Emy Parparita and Alex Passos and Mikhail Pavlov and Andrew Peng and Adam Perelman and Filipe de Avila Belbute Peres and Michael Petrov and Henrique Ponde de Oliveira Pinto and Michael and Pokorny and Michelle Pokrass and Vitchyr H. Pong and Tolly Powell and Alethea Power and Boris Power and Elizabeth Proehl and Raul Puri and Alec Radford and Jack Rae and Aditya Ramesh and Cameron Raymond and Francis Real and Kendra Rimbach and Carl Ross and Bob Rotsted and Henri Roussez and Nick Ryder and Mario Saltarelli and Ted Sanders and Shibani Santurkar and Girish Sastry and Heather Schmidt and David Schnurr and John Schulman and Daniel Selsam and Kyla Sheppard and Toki Sherbakov and Jessica Shieh and Sarah Shoker and Pranav Shyam and Szymon Sidor and Eric Sigler and Maddie Simens and Jordan Sitkin and Katarina Slama and Ian Sohl and Benjamin Sokolowsky and Yang Song and Natalie Staudacher and Felipe Petroski Such and Natalie Summers and Ilya Sutskever and Jie Tang and Nikolas Tezak and Madeleine B. Thompson and Phil Tillet and Amin Tootoonchian and Elizabeth Tseng and Preston Tuggle and Nick Turley and Jerry Tworek and Juan Felipe Cerón Uribe and Andrea Vallone and Arun Vijayvergiya and Chelsea Voss and Carroll Wainwright and Justin Jay Wang and Alvin Wang and Ben Wang and Jonathan Ward and Jason Wei and CJ Weinmann and Akila Welihinda and Peter Welinder and Jiayi Weng and Lilian Weng and Matt Wiethoff and Dave Willner and Clemens Winter and Samuel Wolrich and Hannah Wong and Lauren Workman and Sherwin Wu and Jeff Wu and Michael Wu and Kai Xiao and Tao Xu and Sarah Yoo and Kevin Yu and Qiming Yuan and Wojciech Zaremba and Rowan Zellers and Chong Zhang and Marvin Zhang and Shengjia Zhao and Tianhao Zheng and Juntang Zhuang and William Zhuk and Barret Zoph},
	year	= {2024},
	eprint	= {2303.08774},
	archivePrefix	= {arXiv},
	primaryClass	= {cs.CL}
}
@Article{oralkbekova2023contemporary,
	author	= {Di\-na O\-ral\-be\-ko\-va and Or\-ken Ma\-myr\-ba\-yev and Mo\-ha\-med Oth\-man and Di\-na\-ra Kas\-sy\-mo\-va and Ku\-ra\-lai Mukh\-si\-na},
	authorDISABLED	= {Oralbekova, Dina and Mamyrbayev, Orken and Othman, Mohamed and Kassymova, Dinara and Mukhsina, Kuralai},
	title	= {Contemporary Approaches in Evolving Language Models},
	journal	= {Applied Sciences},
	volume	= {13},
	year	= {2023},
	number	= {23},
	article-number	= {12901},
	issn	= {2076-3417},
	doi	= {10.3390/app132312901}
}
@inproceedings{ouyang2022training,
	author	= {Ouyang, Long and Wu, Jeffrey and Jiang, Xu and Almeida, Diogo and Wainwright, Carroll and Mishkin, Pamela and Zhang, Chong and Agarwal, Sandhini and Slama, Katarina and Ray, Alex and Schulman, John and Hilton, Jacob and Kelton, Fraser and Miller, Luke and Simens, Maddie and Askell, Amanda and Welinder, Peter and Christiano, Paul F. and Leike, Jan and Lowe, Ryan},
	booktitle	= {Advances in Neural Information Processing Systems},
	editor	= {Sanmi Koyejo and Shakir Mohamed and Alekh Agarwal and Danielle Belgrave and Kyunghyun Cho and Alice Oh},
	pages	= {27730--27744},
	publisher	= {Curran Associates},
	title	= {Training Language Models to Follow Instructions with Human Feedback},
	urlDISABLED	= {https://proceedings.neurips.cc/paper_files/paper/2022/file/b1efde53be364a73914f58805a001731-Paper-Conference.pdf},
	eprint	= {2203.02155},
	archivePrefix	= {arXiv},
	primaryClass	= {cs.CL},
	volume	= {35},
	year	= {2022}
}
@misc{radford2018improving,
	title	= {Improving Language Understanding by Generative Pre-Training},
	author	= {Radford, Alec and Narasimhan, Karthik and Salimans, Tim and Sutskever, Ilya},
	year	= {2018},
	publisher	= {OpenAI},
	urlDISABLED	= {https://openai.com/research/language-unsupervised},
	url	= {https://web.archive.org/web/20210126024542/https://cdn.openai.com/research-covers/language-unsupervised/language_understanding_paper.pdf}
}
@article{raffel2023exploring,
	title	= {Exploring the Limits of Transfer Learning with a Unified Text-to-Text Transformer},
	author	= {Colin Raffel and Noam Shazeer and Adam Roberts and Katherine Lee and Sharan Narang and Michael Matena and Yanqi Zhou and Wei Li and Peter J. Liu},
	year	= {2020},
	issue_date	= {January 2020},
	publisher	= {JMLR.org},
	volume	= {21},
	number	= {1},
	issn	= {1532-4435},
	journal	= {The Journal of Machine Learning Research},
	month	= {1},
	articleno	= {140},
	numpages	= {67},
	eprint	= {1910.10683},
	archivePrefix	= {arXiv},
	primaryClass	= {cs.LG},
}
@article{salton1988term,
	title	= {Term-Weighting Approaches in Automatic Text Retrieval},
	journal	= {Information Processing \& Management},
	volume	= {24},
	number	= {5},
	pages	= {513-523},
	year	= {1988},
	issn	= {0306-4573},
	doi	= {10.1016/0306-4573(88)90021-0},
	author	= {Gerard Salton and Christopher Buckley}
}
@article{su2009survey,
	author	= {Su, Xiaoyuan and Khoshgoftaar, Taghi M.},
	title	= {A Survey of Collaborative Filtering Techniques},
	journal	= {Advances in Artificial Intelligence},
	volume	= {2009},
	number	= {1},
	numpages	= {19},
	doi	= {https://doi.org/10.1155/2009/421425},
	year	= {2009}
}
@misc{su2023one,
	title	= {One Embedder, Any Task: Instruction-Finetuned Text Embeddings},
	author	= {Hongjin Su and Weijia Shi and Jungo Kasai and Yizhong Wang and Yushi Hu and Mari Ostendorf and Wen-tau Yih and Noah A. Smith and Luke Zettlemoyer and Tao Yu},
	year	= {2023},
	eprint	= {2212.09741},
	archivePrefix	= {arXiv},
	primaryClass	= {cs.CL},
}
% todo: readd cyrillic leters when we can fix it! are we using a different font in the template than in overleaf ru.tex or is something not installed?
%	author	= {Леонид Нисонович Васерштейн [Leonid Nisonovich Vaserstein]},
	title	= {Марковские Процессы На Счетном Произведении Пространств, Описывающие Большие Системы Автоматов [Markov Processes over Denumerable Products of Spaces, Describing Large Systems of Automata]},
	journal	= {Пробл. передачи информ. [Problems of Information Transmission]},
@article{vaserstein1969markov,
	author	= {Leonid Nisonovich Vaserstein},
	title	= {Markovskiye Protsessy Na Schetnom Proizvedenii Prostranstv, Opisyvayushchiye Bol'shiye Sistemy Avtomatov [Markov Processes over Denumerable Products of Spaces, Describing Large Systems of Automata]},
	journal	= {Probl. peredachi inform. [Problems of Information Transmission]},
	year	= {1969},
	volume	= {5},
	number	= {3},
	pages	= {64--72},
	note	= {MathSciNet: \url{http://mathscinet.ams.org/mathscinet-getitem?mr=314115}}
}
@inproceedings{vaswani2017attention,
	author	= {Vaswani, Ashish and Shazeer, Noam and Parmar, Niki and Uszkoreit, Jakob and Jones, Llion and Gomez, Aidan N. and Kaiser, Łukasz and Polosukhin, Illia},
	booktitle	= {Advances in Neural Information Processing Systems},
	editor	= {Isabelle Guyon and Ulrike von Luxburg and Samy Bengio and Hanna M. Wallach and Rob Fergus and S. Vishwanathan and Roman Garnett},
	publisher	= {Curran Associates},
	title	= {Attention is All You Need},
	urlDISABLED = {https://proceedings.neurips.cc/paper_files/paper/2017/file/3f5ee243547dee91fbd053c1c4a845aa-Paper.pdf},
	eprint	= {1706.03762},
	archivePrefix	= {arXiv},
	primaryClass	= {cs.CL},
	volume	= {30},
	year	= {2017},
	numpages	= {11}
}
@misc{wei2022finetuned,
	title	= {Finetuned Language Models Are Zero-Shot Learners},
	author	= {Jason Wei and Maarten Bosma and Vincent Y. Zhao and Kelvin Guu and Adams Wei Yu and Brian Lester and Nan Du and Andrew M. Dai and Quoc V. Le},
	year	= {2022},
	eprint	= {2109.01652},
	archivePrefix	= {arXiv},
	primaryClass	= {cs.CL}
}
@misc{wei2023chainofthought,
	title	= {Chain-of-Thought Prompting Elicits Reasoning in Large Language Models},
	author	= {Jason Wei and Xuezhi Wang and Dale Schuurmans and Maarten Bosma and Brian Ichter and Fei Xia and Ed Chi and Quoc Le and Denny Zhou},
	year	= {2023},
	eprint	= {2201.11903},
	archivePrefix	= {arXiv},
	primaryClass	= {cs.CL}
}
@misc{white2023prompt,
	title	= {A Prompt Pattern Catalog to Enhance Prompt Engineering with {ChatGPT}},
	author	= {Jules White and Quchen Fu and Sam Hays and Michael Sandborn and Carlos Olea and Henry Gilbert and Ashraf Elnashar and Jesse Spencer-Smith and Douglas C. C. Schmidt},
	year	= {2023},
	month	= {02},
	numpages	= {19},
	eprint	= {2302.11382},
	archivePrefix	= {arXiv},
	primaryClass	= {cs.SE}
}
@inbook{yang2019xlnet,
	author	= {Yang, Zhilin and Dai, Zihang and Yang, Yiming and Carbonell, Jaime and Salakhutdinov, Ruslan and Le, Quoc V.},
	title	= {{XLNet}: Generalized Autoregressive Pretraining for Language Understanding},
	year	= {2019},
	publisher	= {Curran Associates},
	address	= {Red Hook, NY, USA},
	booktitle	= {Proceedings of the 33rd International Conference on Neural Information Processing Systems},
	articleno	= {517},
	numpages	= {11}
}
@misc{yang2023autogpt,
	title	= {Auto-GPT for Online Decision Making: Benchmarks and Additional Opinions},
	author	= {Hui Yang and Sifu Yue and Yunzhong He},
	year	= {2023},
	eprint	= {2306.02224},
	archivePrefix	= {arXiv},
	primaryClass	= {cs.AI}
}
@misc{zhao2023survey,
	title	= {A Survey of Large Language Models},
	author	= {Wayne Xin Zhao and Kun Zhou and Junyi Li and Tianyi Tang and Xiaolei Wang and Yupeng Hou and Yingqian Min and Beichen Zhang and Junjie Zhang and Zican Dong and Yifan Du and Chen Yang and Yushuo Chen and Zhipeng Chen and Jinhao Jiang and Ruiyang Ren and Yifan Li and Xinyu Tang and Zikang Liu and Peiyu Liu and Jian-Yun Nie and Ji-Rong Wen},
	year	= {2023},
	eprint	= {2303.18223},
	archivePrefix	= {arXiv},
	primaryClass	= {cs.CL},
	numpages	= {124}
}
@inproceedings{zheng2023judging,
	author	= {Zheng, Lianmin and Chiang, Wei-Lin and Sheng, Ying and Zhuang, Siyuan and Wu, Zhanghao and Zhuang, Yonghao and Lin, Zi and Li, Zhuohan and Li, Dacheng and Xing, Eric and Zhang, Hao and Gonzalez, Joseph E. and Stoica, Ion},
	booktitle	= {Advances in Neural Information Processing Systems},
	editor	= {Alice Oh and Tristian Neumann and Amir Globerson and Kate Saenko and Moritz Hardt and Sergey Levine},
	pages	= {46595--46623},
	publisher	= {Curran Associates},
	title	= {Judging LLM-as-a-Judge with MT-Bench and Chatbot Arena},
	urlDISABLED	= {https://proceedings.neurips.cc/paper_files/paper/2023/file/91f18a1287b398d378ef22505bf41832-Paper-Datasets_and_Benchmarks.pdf},
	volume	= {36},
	year	= {2023},
	eprint	= {2306.05685},
	archivePrefix	= {arXiv},
	primaryClass	= {cs.CL},
}
