% !TEX root = semexp-thesis.tex

@inproceedings{mikolov2013efficient,
	author	= {Tom{\'{a}}s Mikolov and Kai Chen and Greg Corrado and Jeffrey Dean},
	editor	= {Yoshua Bengio and Yann LeCun},
	title	= {Efficient Estimation of Word Representations in Vector Space},
	booktitle	= {1st International Conference on Learning Representations, {ICLR} 2013, Scottsdale, Arizona, USA, May 2-4, 2013, Workshop Track Proceedings},
	year	= {2013},
	url	= {http://arxiv.org/abs/1301.3781},
	numpages	= {12}
}
@misc{radford2018improving,
	title	= {Improving Language Understanding by Generative Pre-Training},
	author	= {Radford, Alec and Narasimhan, Karthik and Salimans, Tim and Sutskever, Ilya and others},
	year	= {2018},
	publisher	= {OpenAI},
	url	= {https://openai.com/research/language-unsupervised}
}
@misc{reimers2019sentencebert,
	title	= {Sentence-BERT: Sentence Embeddings using Siamese BERT-Networks},
	author	= {Nils Reimers and Iryna Gurevych},
	year	= {2019},
	eprint	= {1908.10084},
	archivePrefix	= {arXiv},
	primaryClass	= {cs.CL}
}
@article{rein2018exploratory,
	title	= {Exploratory and Live, Programming and Coding: A Literature Study Comparing Perspectives on Liveness},
	author	= {Patrick Rein and Stefan Ramson and Jens Lincke and Robert Hirschfeld and Tobias Pape},
	year	= {2019},
	month	= {07},
	volume	= {3},
	journal	= {The Art, Science, and Engineering of Programming},
	number	= {1},
	doi	= {10.22152/programming-journal.org/2019/3/1},
	numpages	= {33}
}
@article{sandberg1988smalltalk,
	author	= {Sandberg, David W.},
	title	= {Smalltalk and Exploratory Programming},
	year	= {1988},
	publisher	= {Association for Computing Machinery},
	address	= {New York, NY, USA},
	volume	= {23},
	number	= {10},
	issn	= {0362-1340},
	doi	= {10.1145/51607.51614},
	journal	= {SIGPLAN Not.},
	pages	= {85--92},
	numpages	= {8}
}
@incollection{taeumel2022pattern,
	author	= {Taeumel, Marcel and Lincke, Jens and Rein, Patrick and Hirschfeld, Robert},
	editor	= {Meinel, Christoph and Leifer, Larry},
	year	= {2022},
	month	= {09},
	pages	= {111-145},
	title	= {A Pattern Language of an Exploratory Programming Workspace},
	booktitle	= {Design Thinking Research: Achieving Real Innovation},
	isbn	= {978-3-031-09297-8},
	doi	= {10.1007/978-3-031-09297-8_7},
	publisher	= {Springer International Publishing},
	address	= {Cham}
}
@conference{thiede2022augmenting,
	author	= {Christoph Thiede and Willy Scheibel. and Daniel Limberger. and Jürgen Döllner.},
	title	= {Augmenting Library Development by Mining Usage Data from Downstream Dependencies},
	booktitle	= {Proceedings of the 17th International Conference on Evaluation of Novel Approaches to Software Engineering},
	series	= {ENASE '22},
	year	= {2022},
	pages	= {221-232},
	publisher	= {SciTePress},
	organization	= {INSTICC},
	doi	= {10.5220/0011093700003176},
	isbn	= {978-989-758-568-5},
}
@inproceedings{thiede2023object,
	title	= {Object-Centric Time-Travel Debugging: Exploring Traces of Objects},
	booktitle	= {Companion Proceedings of the 7th International Conference on the Art, Science, and Engineering of Programming},
	series	= {<Programming>},
	author	= {Christoph Thiede and Marcel Taeumel and Robert Hirschfeld},
	year	= {2023},
	month	= {3},
	days	= {13--17},
	location	= {Tokyo, Japan},
	publisher	= {ACM},
	address	= {New York, NY, USA},
	pages	= {54--60},
	url	= {https://2023.programming-conference.org/details/px-2023-papers/9/Object-centric-Time-Travel-Debugging-Exploring-Traces-of-Objects},
	doi	= {10.1145/3594671.3594678}
}
@Book{thiede2023squeak,
	author	= {Christoph Thiede and Patrick Rein},
	title	= {Squeak by Example},
	edition	= {6.0},
	year	= {2023},
	numpages	= {328},
	url	= {https://www.lulu.com/shop/patrick-rein-and-christoph-thiede/squeak-by-example-60/paperback/product-8vr2j2.html},
	pdf	= {https://github.com/hpi-swa-lab/SqueakByExample-english/releases/download/6.0/SBE-6.0.pdf},
	publisher	= {Lulu},
	isbn	= {9781447629481},
	note	= {Carpe Squeak! ;-)}
}
@online{thiede2023symbolic,
	title	= {Symbolic Execution and Applications},
	author	= {Thiede, Christoph},
	year	= {2023},
	month	= {3},
	day	= {8},
	url	= {https://linqlover.github.io/symbolic-execution-survey/report.pdf},
	organization	= {Hasso Plattner Institute},
	note	= {Seminar Report}
}
@InProceedings{thiede2023time,
	title	= {Time-Aware\-ness in Object Exploration Tools: Toward In Situ Omniscient Debugging},
	booktitle	= {Proceedings of SIGPLAN International Symposium on New Ideas, New Paradigms, and Reflections on Programming and Software},
	series	= {Onward! '23},
	author	= {Christoph Thiede and Marcel Taeumel and Robert Hirschfeld},
	year	= {2023},
	month	= {10},
	days	= {25--27},
	location	= {Cascais, Portugal},
	publisher	= {ACM},
	address	= {New York, NY, USA},
	pages	= {89--102},
	doi	= {10.1145/3622758.3622892},
	publisher	= {ACM}
}
@inproceedings{thiede2024bringing,
	author	= {Thiede, Christoph and Scheibel, Willy and Döllner, Jürgen},
	title	= {Bringing Objects to Life: Supporting Program Comprehension through Animated 2.5D Object Maps from Program Traces},
	booktitle	= {Proceedings of the 19th International Joint Conference on Computer Vision, Imaging and Computer Graphics Theory and Applications -- Volume 1: GRAPP, HUCAPP and IVAPP},
	year	= {2024},
	series	= {IVAPP '24},
	month	= {2},
	days	= {27--29},
	publisher	= {SciTePress},
	organization	= {INSTICC},
	isbn	= {978-989-758-679-8},
	issn	= {2184-4321},
	doi	= {10.5220/0012393900003660},
	pages	= {661--669},
	location	= {Rome, Italy}
}
% TODO: update entry (doi, date, pages)
@InProceedings{thiede2024talking,
	title	= {Talking to Objects in Natural Language: Toward Semantic Tools for Exploratory Programming},
	booktitle	= {Proceedings of SIGPLAN International Symposium on New Ideas, New Paradigms, and Reflections on Programming and Software},
	series	= {Onward! '24},
	author	= {Christoph Thiede and Marcel Taeumel and Lukas Böhme and Robert Hirschfeld},
	year	= {2024},
	month	= {10},
	days	= {20--25},
	location	= {Pascadena, California, USA},
	publisher	= {ACM},
	address	= {New York, NY, USA},
	publisher	= {ACM},
	note	= {To appear}
}
@inproceedings{vaswani2017attention,
	author = {Vaswani, Ashish and Shazeer, Noam and Parmar, Niki and Uszkoreit, Jakob and Jones, Llion and Gomez, Aidan N and Kaiser, \L ukasz and Polosukhin, Illia},
	booktitle = {Advances in Neural Information Processing Systems},
	editor = {I. Guyon and U. Von Luxburg and S. Bengio and H. Wallach and R. Fergus and S. Vishwanathan and R. Garnett},
	publisher = {Curran Associates, Inc.},
	title = {Attention is All You Need},
	url = {https://proceedings.neurips.cc/paper_files/paper/2017/file/3f5ee243547dee91fbd053c1c4a845aa-Paper.pdf},
	volume = {30},
	year = {2017},
	numpages = {11}
}
@misc{zhao2023survey,
	title	= {A Survey of Large Language Models},
	author	= {Wayne Xin Zhao and Kun Zhou and Junyi Li and Tianyi Tang and Xiaolei Wang and Yupeng Hou and Yingqian Min and Beichen Zhang and Junjie Zhang and Zican Dong and Yifan Du and Chen Yang and Yushuo Chen and Zhipeng Chen and Jinhao Jiang and Ruiyang Ren and Yifan Li and Xinyu Tang and Zikang Liu and Peiyu Liu and Jian-Yun Nie and Ji-Rong Wen},
	year	= {2023},
	eprint	= {2303.18223},
	archivePrefix	= {arXiv},
	primaryClass	= {cs.CL},
	numpages	= {124}
}
